@misc{how_the_web_works,
  author = {Mozilla},
  title = {How the Web works},
  url = {https://developer.mozilla.org/en-US/docs/Learn/Getting_started_with_the_web/How_the_Web_works},
  note = {[Accessed 22/03/2021]}
}

@misc{ enwiki:1013395488,
    author = "{Wikipedia contributors}",
    title = "Internet protocol suite --- {Wikipedia}{,} The Free Encyclopedia",
    year = "2021",
    url = "https://en.wikipedia.org/w/index.php?title=Internet_protocol_suite&oldid=1013395488",
    note = "[Accessed 22/03/2021]"
}
  
@misc{ enwiki:1008789844,
    author = "{Wikipedia contributors}",
    title = "Domain Name System --- {Wikipedia}{,} The Free Encyclopedia",
    year = "2021",
    url = "https://en.wikipedia.org/w/index.php?title=Domain_Name_System&oldid=1008789844",
    note = "[Accessed 22/03/2021]"
}

@misc{what_is_dns,
  author = {Cloudflare},
  title = {What is DNS?},
  url = {https://www.cloudflare.com/learning/dns/what-is-dns/},
  note = {[Accessed 22/03/2021]}
}

@misc{what_is_web_browser,
  author = {Mozilla},
  title = {What is a web browser?},
  url = {https://www.mozilla.org/en-US/firefox/browsers/what-is-a-browser/},
  note = {[Accessed 23/03/2021]}
}

@misc{ enwiki:1013827799,
    author = "{Wikipedia contributors}",
    title = "Web browser --- {Wikipedia}{,} The Free Encyclopedia",
    year = "2021",
    url = "https://en.wikipedia.org/w/index.php?title=Web_browser&oldid=1013827799",
    note = "[Accessed 23/03/2021]"
}

@misc{http,
  author = {Mozilla},
  title = {HTTP},
  url = {https://developer.mozilla.org/en-US/docs/Web/HTTP},
  note = {[Accessed 24/03/2021]}
}

@misc{what_is_traceroute,
  author = {ThousandEyes},
  title = {What is Traceroute & What is it For?},
  url = {https://www.thousandeyes.com/learning/glossary/traceroute},
  note = {[Accessed 24/03/2021]}
}